<record><leader>00000cas a22000007a 4500</leader><controlfield tag="001">11753236</controlfield><controlfield tag="008">850301d188u19uunyuwr ne      0    0eng d</controlfield><datafield ind1=" " ind2=" " tag="010"><subfield code="a">sn 85054242 </subfield></datafield><datafield ind1=" " ind2=" " tag="040"><subfield code="a">NYG</subfield><subfield code="b">eng</subfield><subfield code="c">NYG</subfield><subfield code="d">OCL</subfield><subfield code="d">NPX</subfield><subfield code="d">NYS</subfield><subfield code="d">NYG</subfield><subfield code="d">NYS</subfield><subfield code="d">OCLCQ</subfield></datafield><datafield ind1=" " ind2=" " tag="042"><subfield code="a">msc</subfield></datafield><datafield ind1="0" ind2=" " tag="130"><subfield code="a">Kinderhook rough notes (Valatie, N.Y.)</subfield></datafield><datafield ind1="1" ind2="4" tag="245"><subfield code="a">The Kinderhook rough notes.</subfield></datafield><datafield ind1="3" ind2="0" tag="246"><subfield code="a">Rough notes</subfield></datafield><datafield ind1="3" ind2="0" tag="246"><subfield code="a">Kinderhook rough notes and Columbia County times</subfield></datafield><datafield ind1="3" ind2="0" tag="246"><subfield code="a">Columbia County times</subfield></datafield><datafield ind1=" " ind2=" " tag="260"><subfield code="a">Valatie, N.Y. :</subfield><subfield code="b">Davis Bros. &amp; Co.</subfield></datafield><datafield ind1=" " ind2=" " tag="300"><subfield code="a">v. ;</subfield><subfield code="c">72 cm.</subfield></datafield><datafield ind1=" " ind2=" " tag="310"><subfield code="a">Weekly</subfield></datafield><datafield ind1=" " ind2=" " tag="500"><subfield code="a">Publishers: Davis Brothers &amp; Co., &lt;1883&gt;; C.W. Davis &amp; Sons, &lt;1886&gt;; C.W. Davis, &lt;1894&gt;; Charles D. Haines, &lt;1902&gt;; The Columbia County Print. and Pub. Co., Hudson, N.Y., &lt;1903&gt;.</subfield></datafield><datafield ind1=" " ind2=" " tag="500"><subfield code="a">Published as: Rough notes, &lt;May 25, 1894&gt;; and as: Kinderhook rough notes and Columbia County times, &lt;Apr. 4-11, 1902&gt;.</subfield></datafield><datafield ind1=" " ind2=" " tag="500"><subfield code="a">Published in Kinderhook, N.Y., &lt;1903&gt;.</subfield></datafield><datafield ind1=" " ind2=" " tag="588"><subfield code="a">Description based on: Vol. 59, no. 25 (Nov. 2, 1883).</subfield></datafield><datafield ind1=" " ind2=" " tag="588"><subfield code="a">Latest issue consulted: Vol. 78, no. 4050 (Apr. 3, 1903).</subfield></datafield><datafield ind1=" " ind2="4" tag="651"><subfield code="a">Valatie (N.Y.)</subfield><subfield code="v">Newspapers.</subfield></datafield><datafield ind1=" " ind2="4" tag="651"><subfield code="a">Kinderhook (N.Y.)</subfield><subfield code="v">Newspapers.</subfield></datafield><datafield ind1=" " ind2="4" tag="651"><subfield code="a">Hudson (N.Y.)</subfield><subfield code="v">Newspapers.</subfield></datafield><datafield ind1=" " ind2=" " tag="752"><subfield code="a">United States</subfield><subfield code="b">New York</subfield><subfield code="c">Columbia</subfield><subfield code="d">Kinderhook.</subfield></datafield><datafield ind1=" " ind2=" " tag="752"><subfield code="a">United States</subfield><subfield code="b">New York</subfield><subfield code="c">Columbia</subfield><subfield code="d">Valatie.</subfield></datafield><datafield ind1="0" ind2="0" tag="780"><subfield code="t">Rough notes (Kinderhook, N.Y. : 1875)</subfield><subfield code="w">(DLC)sn 85026242</subfield></datafield><datafield ind1="0" ind2="0" tag="785"><subfield code="t">Rough notes (Valatie, N.Y.)</subfield><subfield code="w">(DLC)sn 89071119</subfield><subfield code="w">(OCoLC)19295485</subfield></datafield><datafield ind1="1" ind2=" " tag="029"><subfield code="a">AU@</subfield><subfield code="b">000020369054</subfield></datafield></record>